@Misc{haskell,
  title =	 {Haskell - A Purely Functional Language},
  howpublished = {\url{http://www.haskell.org}}
}

@Misc{haskore,
  title =	 {The {Haskore} Computer Music System},
  howpublished = {\url{http://www.haskell.org/haskore}}
}

@Article{hudak:96,
  author = 	 {Paul Hudak and Tom Makucevich and Syam Gadde and Bo Whong},
  title = 	 {Haskore Music Notation - An Algebra of Music},
  journal = 	 {Journal of Functional Programming},
  year = 	 1996,
  volume =	 6,
  number =	 3,
  month =	 {June}
}

@Misc{schwenke,
  author =	 {Martin Schwenke},
  title =	 {Ideas for a {MIDI} Sequencer},
  howpublished = {\url{http://www.meltin.net/people/martin/sequencer.html}}
}

@Article{dannenberg:89,
  author = 	 {R. B. Dannenberg},
  title = 	 {The {Canon} Score Language},
  journal = 	 {The Computer Music Journal},
  year = 	 1989,
  volume =	 13,
  number =	 1,
  pages =	 {47--56}
}

@inproceedings{collinge:84,
  author =       "Douglas J. Collinge",
  year =         1984,
  title =        "{MOXIE}: A Language for Computer Music Performance",
  booktitle =    {Proc. International Computer Music Conference},
  organization = {Computer Music Association},
  pages =        "217--20"
}

@article{anderson:91,
  author =       "David P. Anderson and Ronald J. Kuivila",
  year =         1991,
  title =        "Formula: A Programming Language for Expressive Computer Music",
  journal =      "IEEE Computer",
  pages =        "12--21",
  volume =       24,
  number =       7
}

@InProceedings{cointe:84,
  author = 	 {P. Cointe and X. Rodet},
  title = 	 {Formes: an Object and Time Oriented System for Music Composition and Synthesis},
  booktitle = 	 {Proc. of the 1984 ACM Symposium on {Lisp} and functional programming},
  pages =	 {85-95},
  year =	 1984,
  publisher =	 {ACM}
}

